@article{a1,
author = {Eisman, Eduardo and Castro, Juan},
year = {2008},
month = {12},
title = {A Tool for Training Primary Health Care Medical Students: The Virtual Simulated Patient},
}
@article{a2,
author="Ni, Lin
and Lu, Chenhao
and Liu, Niu
and Liu, Jiamou",
editor="Chen, Jian
and Theeramunkong, Thanaruk
and Supnithi, Thepachai
and Tang, Xijin",
title="MANDY: Towards a Smart Primary Care Chatbot Application",
booktitle="Knowledge and Systems Sciences",
year="2017",
publisher="Springer Singapore",
address="Singapore",
}
@article{a3,
author = {Bresó, A. and Martínez-Miranda, J. and Botella, C. and Baños, R. M. and García-Gómez, J. M.},
title = {Usability and acceptability assessment of an empathic virtual agent to prevent major depression},
journal = {Expert Systems},
year = {2016}
}
@article{a4,
author = {Ring, Lazlo and Bickmore, Timothy and Pedrelli, Paola},
year = {2016},
title = {Real-Time Tailoring of Depression Counseling by Conversational Agent},
journal = {Iproceedings},
doi = {10.2196/iproc.6065}
}
@article{a5,
author = {D'Alfonso, Simon and Santesteban-Echarri, Olga and Rice, Simon and Wadley, Greg and Lederman, Reeva and Gleeson, John and Alvarez-Jimenez, Mario},
year = {2017},
title = {Artificial Intelligence-Assisted Online Social Therapy for Youth Mental Health},
journal = {Frontiers in Psychology},
doi = {10.3389/fpsyg.2017.00796}
}
@article{a6,
author = {Ring, Lazlo and Bickmore, Timothy and Pedrelli, Paola},
year = {2016},
title = {Real-Time Tailoring of Depression Counseling by Conversational Agent},
journal = {Iproceedings},
doi = {10.2196/iproc.6065}
}
@article{a7,
title = "Survey of conversational agents in health",
journal = "Expert Systems with Applications",
year = "2019"
}
@article{a8,
author={Shorey,S. and Ang,E. and Yap,J. and Ng,E. D. and Lau,S. T. and Chui,C. K.},
year={2019},
title={A Virtual Counseling Application Using Artificial Intelligence for Communication Skills Training in Nursing Education: Development Study},
journal={Journal of medical Internet research},
}
@article{a9,
author={Bresó,A. and Martínez-Miranda,J. and Botella,C. and Baños,R. M. and García-Gómez,J. M.},
year={2016},
title={Usability and acceptability assessment of an empathic virtual agent to prevent major depression},
journal={Expert Systems}
}
